@misc{noauthor_ffmpeg_nodate,
	title = {ffmpeg {Documentation}},
	howpublished = {\url{https://ffmpeg.org/ffmpeg.html}},
	urldate = {2022-04-28},
	file = {ffmpeg Documentation:/Users/bbryan/Zotero/storage/T4FHH63Z/ffmpeg.html:text/html},
}

@misc{team_keras_nodate,
	title = {Keras documentation: {About} {Keras}},
	shorttitle = {Keras documentation},
	howpublished = {\url{https://keras.io/about/}},
	abstract = {Keras documentation},
	language = {en},
	urldate = {2022-04-27},
	author = {Team, Keras},
	file = {Snapshot:/Users/bbryan/Zotero/storage/R8TJQHFA/about.html:text/html},
}

@misc{omalley2019kerastuner,
    title        = {KerasTuner},
    author       = {O'Malley, Tom and Bursztein, Elie and Long, James and Chollet, Fran\c{c}ois and Jin, Haifeng and Invernizzi, Luca and others},
    year         = 2019,
    howpublished = {\url{https://github.com/keras-team/keras-tuner}}
}
